@misc{8thGradeScience,
    title        = {{Space Technology}},
    url          = {https://clarkscience8.weebly.com/space-technology.html},
    urldate      = {2021-07-16},
}
@article{absoluteMagnitude,
    title        = {{Unlocking Galactic Wolf–Rayet Stars with Gaia DR2 – I. Distances and Absolute Magnitudes}},
    author       = {Rate, Gemma and Crowther, Paul A},
    year         = 2020,
    month        = {01},
    journal      = {Monthly Notices of the Royal Astronomical Society},
    volume       = 493,
    number       = 1,
    pages        = {1512--1529},
    doi          = {10.1093/mnras/stz3614},
    issn         = {0035-8711},
    url          = {https://doi.org/10.1093/mnras/stz3614},
    eprint       = {https://academic.oup.com/mnras/article-pdf/493/1/1512/32649769/stz3614.pdf},
}
@article{AntColony,
    title        = {{Evolution of Ant Colony Optimization Algorithm -- A Brief Literature Review}},
    author       = {Aleem Akhtar},
    year         = 2019,
    month        = aug,
    journal      = {arXiv e-prints},
    pages        = {arXiv:1908.08007},
    keywords     = {Computer Science - Neural and Evolutionary Computing, Computer Science - Artificial Intelligence},
    eid          = {arXiv:1908.08007},
    archiveprefix = {arXiv},
    eprint       = {1908.08007},
    primaryclass = {cs.NE},
    adsurl       = {https://ui.adsabs.harvard.edu/abs/2019arXiv190808007A},
    adsnote      = {Provided by the SAO/NASA Astrophysics Data System},
}
@unpublished{AntColonyMohammadi,
    title        = {{The Ant Colony}},
    author       = {M. Mohammadi},
    year         = 2020,
    note         = {Unpublished},
}
@article{Arp-Madore-1,
    title        = {{AM-1 : a Very Distant Globular Cluster}},
    author       = {{Aaronson}, M. and {Schommer}, R.~A. and {Olszewski}, E.~W.},
    year         = 1984,
    month        = jan,
    journal      = {Astrophysical Journal},
    volume       = 276,
    pages        = {221--228},
    doi          = {10.1086/161605},
    keywords     = {Abundance, Globular Clusters, Stellar Spectrophotometry, Color-Magnitude Diagram, Halos, Hertzsprung-Russell Diagram, Horizontal Branch Stars, Stellar Color, Stellar Luminosity, Stellar Magnitude, Astrophysics},
    adsurl       = {https://ui.adsabs.harvard.edu/abs/1984ApJ...276..221A},
    adsnote      = {Provided by the SAO/NASA Astrophysics Data System},
}
@misc{blobDetection,
    title        = {{Blob Detection}},
    url          = {https://scikit-image.org/docs/0.17.x/auto\%5Fexamples/features\%5Fdetection/plot\%5Fblob.html},
    urldate      = {2021-06-15},
    keywords     = {blob detection methods},
}
@article{Brown2018,
    title        = {{Gaia Data Release 2. Summary of the Contents and Survey Properties}},
    author       = {{Gaia Collaboration et al.}},
    year         = 2018,
    month        = 8,
    journal      = {Astronomy Advisory Panel},
    volume       = 616,
    pages        = {A1},
    doi          = {10.1051/0004-6361/201833051},
    keywords     = {catalogs, astrometry, techniques: radial velocities, stars: fundamental parameters, stars: variables: general, minor planets, asteroids: general, Astrophysics - Astrophysics of Galaxies, Astrophysics - Instrumentation and Methods for Astrophysics},
    eid          = {A1},
    archiveprefix = {arXiv},
    eprint       = {1804.09365},
    primaryclass = {astro-ph.GA},
    adsurl       = {https://ui.adsabs.harvard.edu/abs/2018A&A...616A...1G},
    adsnote      = {Provided by the SAO/NASA Astrophysics Data System},
}
@misc{distanceModulus,
    title        = {{Distance Modulus}},
    url          = {https://en.wikipedia.org/wiki/Distance\%5Fmodulus},
    urldate      = {2020-03-22},
    %author      = {author: unknown},
    keywords     = {distance},
}
@article{Dotter2011,
    title        = {{Globular Clusters in the Outer Galactic Halo: New Hubble Space Telescope / Advanced Camera for Surveys Imaging of Six Globular Clusters and the Galactic Globular Clusters Age-metalicity Relation}},
    author       = {Aaron Dotter and Ata Sarajedini and Jay Anderson},
    year         = 2011,
    month        = {08},
    journal      = {The Astrophysical Journal},
    publisher    = {American Astronomical Society},
    volume       = 738,
    number       = 1,
    pages        = 74,
    doi          = {10.1088/0004-637x/738/1/74},
    url          = {https://doi.org/10.1088/0004-637x/738/1/74},
    keywords     = {age-metallicity},
}
@online{Dugan2019,
    title        = {{What is the Difference Between a Globular Star Cluster and an Open Star Cluster?}},
    author       = {Edward Dugan},
    url          = {https://astronomy.com/magazine/ask-astro/2019/06/what-is-the-difference-between-a-globular-star-cluster-and-an-open-star-cluster},
    urldate      = {2021-08-25},
    date         = {2019-06-19},
    keywords     = {OC vs. GC},
}
@article{gaiaDr2,
    title        = {{Gaia Data Release 2 - Summary of the Contents and Survey Properties}},
    author       = {{Gaia Collaboration et al.}},
    year         = 2018,
    month        = {08},
    journal      = {Astronomy and Astrophysics},
    volume       = 616,
    doi          = {10.1051/0004-6361/201833051},
    url          = {https://doi.org/10.1051/0004-6361/201833051},
}
@online{GaiaDR2-parameters,
    title        = {{Gaia Data Release 2 (Gaia DR2)}},
    url          = {https://www.cosmos.esa.int/web/gaia/dr2},
    urldate      = {2020-05-27},
    date         = {2018-04-27},
    organization = {{European Space Agency}},
}
@online{GaiaDR3,
    title        = {{Gaia Data Release Scenario}},
    year         = 2021,
    url          = {https://www.cosmos.esa.int/web/gaia/release},
    urldate      = {2021-08-25},
    organization = {{European Space Agency}},
}
@article{gaiaMission,
    title        = {{Description of the Gaia Mission (Spacecraft, Instruments, Survey and Measurement Principles, and Operations)}},
    author       = {{Gaia Collaboration et al.}},
    year         = 2016,
    month        = 11,
    journal      = {Astronomy and Astrophysics},
    volume       = 595,
    doi          = {10.1051/0004-6361/201629272},
    url          = {https://doi.org/10.1051/0004-6361/201629272},
}
@misc{gaussianKernel,
    title        = {{Diffusion Gaussian Kernel}},
    year         = 2007,
    url          = {http://pages.stat.wisc.edu/~mchung/teaching/MIA/reading/diffusion.gaussian.kernel.pdf},
    urldate      = {2021-06-15},
    %author      = {S.R. Falk},
    organization = {University of Wisconsin-Madison},
}
@article{gc-detection-old-1,
    title        = {Detection of the Globular-Cluster Population Around NGC 7814},
    author       = {{Bothun}, Gregory D. and {Harris}, Hugh C. and {Hesser}, James E.},
    year         = 1992,
    month        = dec,
    journal      = {Publications of the Astronomical Society of the Pacific},
    volume       = 104,
    pages        = 1220,
    doi          = {10.1086/133111},
    keywords     = {Galactic Evolution, Globular Clusters, Star Distribution, Statistical Analysis, Radial Distribution, Stellar Luminosity, Astronomy, GLOBULAR CLUSTERS: GENERAL, GALAXIES: INDIVIDUAL: NGC 7814},
    adsurl       = {https://ui.adsabs.harvard.edu/abs/1992PASP..104.1220B},
    adsnote      = {Provided by the SAO/NASA Astrophysics Data System},
}
@article{Gecer,
    title        = {{Color-blob-based Cosfire Filters for Object Recognition}},
    author       = {B. Gecer and G. Azzopardi and N. Petkov},
    year         = 2019,
    journal      = {Neurocomputing},
    volume       = 342,
    pages        = {164--171},
    doi          = {doi:10.1016/j.imavis.2016.10.006},
}
@misc{gerhard2002mass,
    title        = {{Mass Distribution in Our Galaxy}},
    author       = {Ortwin Gerhard},
    year         = 2002,
    eprint       = {astro-ph/0203110},
    archiveprefix = {arXiv},
    primaryclass = {astro-ph},
}
@article{globular-cluster-formation,
    title        = {{How Did Globular Clusters Form?}},
    author       = {{van den Bergh}, Sidney},
    year         = 2001,
    month        = 10,
    journal      = {The Astrophysical Jorunal Letters},
    volume       = 559,
    number       = 2,
    pages        = {L113-L114},
    doi          = {10.1086/323754},
    keywords     = {Galaxy: Globular Clusters: General, Astrophysics},
    archiveprefix = {arXiv},
    eprint       = {astro-ph/0108298},
    primaryclass = {astro-ph},
    adsurl       = {https://ui.adsabs.harvard.edu/abs/2001ApJ...559L.113V},
    adsnote      = {Provided by the SAO/NASA Astrophysics Data System},
}
@article{Gratton,
    title        = {{What is a Globular Cluster? an Observational Perspective.}},
    author       = {Gratton, R. and Bragaglia, A. and Carretta, E. and D’Orazi, V. and Lucatello, S. and Sollima, A.},
    year         = 2019,
    journal      = {The Astronomy and Astrophysics Review.},
    volume       = 27,
    number       = 1,
    pages        = {1--136},
    doi          = {doi:10.1007/s00159-019-0119-3},
    url          = {https://link.springer.com/article/10.1007/s00159-019-0119-3},
    urldate      = {2021-08-24},
    organization = {The Pennsylvania State University},
    %date        = {unknown date of creation},
    %course      = {ASTRO 801: Planets, Stars, Galaxies, and the Universe.},
    %publisher   = {John A. Dutton e-Education Institute: College of Earth and Mineral Sciences: The Pennsylvania State University.},
}
@online{Harris2010,
    title        = {{Catalog of Parameters for Milky Way Globular Clusters: the Database}},
    author       = {William E. Harris},
    year         = 2010,
    month        = 12,
    url          = {https://physics.mcmaster.ca/~harris/mwgc.dat},
    urldate      = {2021-08-25},
    organization = {McMaster University},
}
@article{Helmi2019,
    title        = {{Mass and Shape of the Milky Way's Dark Matter Halo with Globular Clusters from Gaia and Hubble}},
    author       = {Lorenzo Posti and Amina Helmi},
    year         = 2019,
    month        = 1,
    journal      = {Astronomy \& Astrophysics},
    volume       = 621,
    pages        = 10,
    doi          = {https://doi.org/10.1051/0004-6361/201833355},
}
@misc{hubblesTuningFork,
    title        = {{The Hubble Tuning Fork - Classification of Galaxies}},
    url          = {https://www.spacetelescope.org/images/heic9902o/},
    urldate      = {2020-04-08},
    organization = {ESA/Hubble},
    keywords     = {Hubbles Tuning Fork Diagram},
}
@article{Jimenez1996,
    title        = {{A New Self-consistency Check on the Ages of Globular Clusters}},
    author       = {Raul Jimenez and Paolo Padoan},
    year         = 1996,
    month        = {05},
    journal      = {The Astrophysical Journal},
    publisher    = {American Astronomical Society},
    volume       = 463,
    number       = 1,
    pages        = {L17--L20},
    doi          = {10.1086/310053},
    url          = {https://doi.org/10.1086/310053},
}
@online{julia-stats,
    title        = {Principal Component Analysis},
    author       = {Ian Butterworth, Tom Kwong, Dahua Lin},
    year         = 2021,
    url          = {https://multivariatestatsjl.readthedocs.io/en/latest/pca.html},
    urldate      = {2020-12-19},
}
@article{Kingdom,
    title        = {{In Defence of “Lateral Inhibition” as the Underlying Cause of Induced Brightness Phenomena: a Reply to Spehar, Gilchrist and Arend}},
    author       = {F. Kingdom and M. McCourt and B. Blakesleev},
    year         = 1997,
    journal      = {Vis. Res.},
    volume       = 37,
    number       = 8,
    pages        = {1039--1044},
}
@article{Koposov2007,
    title        = {{The Discovery of Two Extremely Low Luminosity Milky Way Globular Clusters}},
    author       = {S. Koposov and J. T. A. de Jong and V. Belokurov and H.W. Rix and D. B. Zucker and N. W. Evans and G. Gilmore and M. J. Irwin and E. F. Bell},
    year         = 2007,
    month        = nov,
    journal      = {The Astrophysical Journal},
    publisher    = {American Astronomical Society},
    volume       = 669,
    number       = 1,
    pages        = {337--342},
    doi          = {10.1086/521422},
    url          = {https://doi.org/10.1086/521422},
}
@article{Kruizinga,
    title        = {{Computational Model of Dot-pattern Selective Cells}},
    author       = {P. Kruizinga and N. Petkov},
    year         = 2000,
    journal      = {Biol. Cybern.},
    volume       = 83,
    number       = 4,
    pages        = {313–325},
}
@online{larger-list-gcs,
    title        = {{List of NGC Selected from the VizieR Service}},
    url          = {https://vizier.u-strasbg.fr/viz-bin/VizieR-3?-source=VII/118/ngc2000},
    urldate      = {2021-08-16},
    date         = {2021-08-16},
    organization = {Strasbourg Astronomical Data Center},
}
@article{Lee334,
    title        = {{Detection of a Large-Scale Structure of Intracluster Globular Clusters in the Virgo Cluster}},
    author       = {Lee, Myung Gyoon and Park, Hong Soo and Hwang, Ho Seong},
    year         = 2010,
    journal      = {Science},
    publisher    = {American Association for the Advancement of Science},
    volume       = 328,
    number       = 5976,
    pages        = {334--336},
    doi          = {10.1126/science.1186496},
    issn         = {0036-8075},
    url          = {https://science.sciencemag.org/content/328/5976/334},
    eprint       = {https://science.sciencemag.org/content/328/5976/334.full.pdf},
}
@misc{listGC,
    title        = {{List of Globular Clusters}},
    url          = {https://en.wikipedia.org/wiki/List\%5Fof\%5Fglobular\%5Fclusters},
    urldate      = {2020-04-07},
    keywords     = {list of GCs},
}
@article{Lowe2004,
    title        = {Distinctive Image Features from Scale-Invariant Keypoints},
    author       = {Lowe, David},
    year         = 2004,
    month        = 11,
    journal      = {International Journal of Computer Vision},
    volume       = 60,
    pages        = {91-},
    doi          = {10.1023/B:VISI.0000029664.99615.94},
}
@article{Luri2018,
    title        = {{Gaia Data Release 2}},
    author       = {Luri, X. and Brown, A. G. A. and Sarro, L. M. and Arenou, F. and Bailer-Jones, C. A. L. and Castro-Ginard, A. and de Bruijne, J. and Prusti, T. and Babusiaux, C. and Delgado, H. E.},
    year         = 2018,
    month        = aug,
    journal      = {Astronomy \& Astrophysics},
    publisher    = {EDP Sciences},
    volume       = 616,
    pages        = {A9},
    doi          = {10.1051/0004-6361/201832964},
    issn         = {1432-0746},
    url          = {http://dx.doi.org/10.1051/0004-6361/201832964},
}
@article{Marr1980,
    title        = {Theory of edge detection},
    author       = {D. Marr and Ellen C. Hildreth},
    year         = 1980,
    journal      = {Proceedings of the Royal Society of London. Series B. Biological Sciences},
    volume       = 207,
    pages        = {187--217},
}
@online{Mdef,
    title        = {{Absolute Magnitude}},
    year         = 2011,
    publisher    = {{American Heritage Dictionary of the English Language}},
    url          = {https://www.ahdictionary.com/word/search.html?q=absolute+magnitude},
    urldate      = {2020-03-29},
    edition      = {Fifth Edition},
    keywords     = {absolute magnitude},
}
@book{mergingGalaxies,
    title        = {{Galaxy Evolution}},
    author       = {M. Giavalisco},
    year         = 2000,
    booktitle    = {{Encyclopedia of Astronomy and Astrophysics}},
    pages        = 2142,
    doi          = {10.1888/0333750888/2142},
}
@article{Mohammadi,
    title        = {{Globular Cluster Detection in the Gaia Survey}},
    author       = {M. Mohammadi and N. Petkov and K. Bunte and R.F. Peletier and F.M. Schleif},
    year         = 2019,
    journal      = {Neurocomputing},
    volume       = 342,
    pages        = {164--171},
    doi          = {https://doi.org/10.1016/j.neucom.2018.10.081},
    issn         = {0925-2312},
    url          = {https://www.sciencedirect.com/science/article/pii/S0925231219301341},
    note         = {Advances in artificial neural networks, machine learning and computational intelligence},
    keywords     = {Astroinformatics, Stellar structure analysis, Nearest neighbor retrieval, Novelty detection},
}
@online{molecularDoG,
    title        = {{Molecular Expressions Microscopy Primer: Digital Image Processing – Difference of Gaussians Edge Enhancement Algorithm}},
    author       = {Michael W. Davidson, Mortimer Abramowitz},
    publisher    = {Olympus America Inc., and Florida State University},
    url          = {https://micro.magnet.fsu.edu/primer/java/digitalimaging/processing/diffgaussians/index.html},
    urldate      = {2021-06-24},
    date         = {2016-05-17},
    keywords     = {DoG},
}
@article{Monaco2004,
    title        = {Wide-field Photometry of the Galactic Globular Cluster M22},
    author       = {Monaco, L. and Pancino, E. and Ferraro, F. R. and Bellazzini, M.},
    year         = 2004,
    month        = 4,
    journal      = {Monthly Notices of the Royal Astronomical Society},
    publisher    = {Oxford University Press (OUP)},
    volume       = 349,
    number       = 4,
    pages        = {1278–1290},
    doi          = {10.1111/j.1365-2966.2004.07599.x},
    issn         = {1365-2966},
    url          = {http://dx.doi.org/10.1111/j.1365-2966.2004.07599.x},
}
@article{more-efficient-clustering-using-octree,
    title        = {A hierarchical O(N log N) force-calculation algorithm},
    author       = {J. Barnes and P. Hut},
    year         = 1986,
    journal      = {Nature},
    volume       = 324,
    pages        = {446--449},
}
@online{Mweb,
    title        = {{Absolute Magnitude: Definition \& Formula}},
    author       = {Wood, D.},
    url          = {https://study.com/academy/lesson/absolute-magnitude-definition-formula.html},
    urldate      = {2020-04-01},
    date         = {2014-10-09},
    keywords     = {apparent magnitude},
}
@article{OMalley2017,
    title        = {{Absolute Ages and Distances of 22 {GCs} Using Monte Carlo Main-sequence Fitting}},
    author       = {Erin M. O'Malley, Christina Gilligan, Brian Chaboyer},
    year         = 2017,
    month        = {04},
    journal      = {The Astrophysical Journal},
    publisher    = {American Astronomical Society},
    volume       = 838,
    number       = 2,
    pages        = 162,
    doi          = {10.3847/1538-4357/aa6574},
    url          = {https://doi.org/10.3847/1538-4357/aa6574},
    keywords     = {oldest objects in the universe},
}
@online{parallax,
    title        = {{Parallax}},
    url          = {https://en.wikipedia.org/wiki/Parallax},
    urldate      = {2021-08-24},
    date         = {2021-08-14},
}
@misc{parallax-img,
    title        = {{Stellarparallax Parsec1}},
    author       = {Chris Martin},
    url          = {https://commons.wikimedia.org/wiki/File:Stellarparallax\%5Fparsec1.svg},
    date         = {2006-09-24},
}
@online{PCA,
    title        = {{Principal Components Analysis (PCA)}},
    author       = {Steven M. Holland},
    url          = {https://strata.uga.edu/software/pdf/pcaTutorial.pdf},
    urldate      = {2021-08-05},
    date         = {2019-12-03},
}
@online{pmra-img,
    title        = {{Dreaming Peter van de Kamp’s Dream}},
    author       = {Zaira Modrono},
    url          = {https://reddots.space/dreaming-peter-van-de-kamps-dream/},
    urldate      = {2021-08-19},
    date         = {2017-07-18},
}
@misc{princetonKernels,
    title        = {{Kernels and Kernel Methods}},
    author       = {Yue Dai, Li Lu, Will Wu},
    year         = 2013,
    url          = {https://www.cs.princeton.edu/~bee/courses/scribe/lec\%5F10\%5F09\%5F2013.pdf},
    urldate      = {2021-06-21},
    keywords     = {kernels},
}
@article{scikit-learn,
    title        = {Scikit-learn: Machine Learning in {P}ython},
    author       = {Pedregosa, F. and Varoquaux, G. and Gramfort, A. and Michel, V. and Thirion, B. and Grisel, O. and Blondel, M. and Prettenhofer, P. and Weiss, R. and Dubourg, V. and Vanderplas, J. and Passos, A. and Cournapeau, D. and Brucher, M. and Perrot, M. and Duchesnay, E.},
    year         = 2011,
    journal      = {Journal of Machine Learning Research},
    volume       = 12,
    pages        = {2825--2830},
}
@article{Sharina2018,
    title        = {{The Stellar Population and Orbit of the Galactic Globular Cluster Palomar 3}},
    author       = {Sharina, M. E. and Ryabova, M. V. and Maricheva, M. I. and Gorban, A. S.},
    year         = 2018,
    month        = nov,
    journal      = {Astronomy Reports},
    publisher    = {Pleiades Publishing Ltd},
    volume       = 62,
    number       = 11,
    pages        = {733–746},
    doi          = {10.1134/s1063772918110069},
    issn         = {1562-6881},
    url          = {http://dx.doi.org/10.1134/S1063772918110069},
}
@misc{sizeGC,
    title        = {{How do Astronomers Count Stars in a Globular Cluster?}},
    author       = {D. Bamberger},
    url          = {https://www.quora.com/How-do-astronomers-count-stars-in-a-globular-cluster?share=1},
    urldate      = {2020-04-06},
    keywords     = {GC size},
}
@article{Soderblom2010,
    title        = {{The Ages of Stars}},
    author       = {Soderblom, David R.},
    year         = 2010,
    journal      = {Annual Review of Astronomy and Astrophysics},
    volume       = 48,
    number       = 1,
    pages        = {581--629},
    doi          = {10.1146/annurev-astro-081309-130806},
    url          = {https://doi.org/10.1146/annurev-astro-081309-130806},
    keywords     = {multitude of methods used to determine GC ages assume},
}
@book{starEvolution,
    title        = {{Nuclei in the Cosmos. World Scientific.}},
    author       = {Bertulani, Carlos A.},
    year         = 2013,
    isbn         = {978-981-4417-66-2},
    keywords     = {apparent magnitude},
}
@article{Stellarium,
    title        = {{The Simulated Sky: Stellarium for Cultural Astronomy Research}},
    author       = {Zotti, Georg and Hoffmann, Susanne M. and Wolf, Alexander and Chéreau, Fabien and Chéreau, Guillaume},
    year         = 2021,
    month        = 3,
    journal      = {Journal of Skyscape Archaeology},
    volume       = 6,
    number       = 2,
    pages        = {221–258},
    doi          = {10.1558/jsa.17822},
    url          = {https://journal.equinoxpub.com/JSA/article/view/17822},
}
@misc{wikiDoG,
    title        = {{Difference of Gaussians}},
    url          = {https://en.wikipedia.org/wiki/Difference\%5Fof\%5FGaussians#cite\%5Fnote-micro.magnet.fsu.edu-1},
    urldate      = {2021-06-24},
    keywords     = {Difference of Gaussians},
}
@online{wikimedia-gc-m22,
    title        = {{The Crammed Center of Messier 22}},
    url          = {https://upload.wikimedia.org/wikipedia/commons/7/76/The\%5Fcrammed\%5Fcentre\%5Fof\%5FMessier\%5F22.jpg},
    urldate      = {2021-08-16},
    date         = {2015-04-10},
    organization = {ESA/Hubble},
}
@online{wikimedia-lenna,
    title        = {{Lenna (Test Image)}},
    author       = {Dwight Hooker},
    url          = {https://upload.wikimedia.org/wikipedia/en/7/7d/Lenna\%5F\%28test\%5Fimage\%29.png},
    urldate      = {2021-11-11},
    date         = {1973-07},
    organization = {Playboy Magazine},
}
@article{Willman2011,
    title        = {{Willman 1 —- A Probable Dwarf Galaxy with an Irregular Kinematic Distrubution}},
    author       = {Willman, Beth and Geha, Marla and Strader, Jay and Strigari, Louis E. and Simon, Joshua D. and Kirby, Evan and Ho, Nhung and Warres, Alex},
    year         = 2011,
    month        = sep,
    journal      = {The Astronomical Journal},
    publisher    = {American Astronomical Society},
    volume       = 142,
    number       = 4,
    pages        = 128,
    doi          = {10.1088/0004-6256/142/4/128},
    issn         = {1538-3881},
    url          = {http://dx.doi.org/10.1088/0004-6256/142/4/128},
}
@article{Xia2019,
    title        = {{Random Walks: A Review of Algorithms and Applications}},
    author       = {Xia, Feng and Liu, Jiaying and Nie, Hansong and Fu, Yonghao and Wan, Liangtian and Kong, Xiangjie},
    year         = 2019,
    month        = 11,
    journal      = {IEEE Transactions on Emerging Topics in Computational Intelligence},
    volume       = {PP},
    pages        = {1--13},
    doi          = {10.1109/TETCI.2019.2952908},
}
@misc{Yuan-SenTing2014,
    title        = {{How Do We Study the Stars? - Yuan-Sen Ting}},
    author       = {Yuan-Sen Ting AND Amali Vaz AND Gautham Narayan},
    url          = {https://ed.ted.com/lessons/how-do-we-study-the-stars-yuan-sen-ting},
    urldate      = {2021-07-16},
    organization = {Ted-Ed},
}
